
@book{patt_introduction_2020,
	address = {New York, NY},
	edition = {Third edition},
	title = {Introduction to computing systems: from bits \& gates to c/c++ \& beyond},
	isbn = {978-1-260-15053-7},
	shorttitle = {Introduction to computing systems},
	language = {en},
	publisher = {McGraw-Hill},
	author = {Patt, Yale N. and Patel, Sanjay J.},
	year = {2020},
	keywords = {C (Computer program language), Computer science},
	file = {Patt 和 Patel - 2020 - Introduction to computing systems from bits & gat.pdf:files/1/Patt 和 Patel - 2020 - Introduction to computing systems from bits & gat.pdf:application/pdf},
}

@article{luck_have_nodate,
	title = {({HAVE} {A} {GREAT} {SEMESTER} {BREAK})},
	language = {en},
	author = {Luck, Good},
	keywords = {⛔ No DOI found},
	file = {Luck - (HAVE A GREAT SEMESTER BREAK).pdf:files/32/Luck - (HAVE A GREAT SEMESTER BREAK).pdf:application/pdf},
}

@article{luck_have_nodate-1,
	title = {({HAVE} {A} {GREAT} {SEMESTER} {BREAK})},
	language = {en},
	author = {Luck, Good},
	keywords = {⛔ No DOI found},
	file = {Luck - (HAVE A GREAT SEMESTER BREAK).pdf:files/33/Luck - (HAVE A GREAT SEMESTER BREAK).pdf:application/pdf},
}

@article{__2003,
	title = {关于静电平衡导体表面电荷分布规律的研究},
	volume = {21},
	number = {3},
	journal = {北京工商大学学报(自然科学版)},
	author = {{王秀娥}},
	year = {2003},
	keywords = {⛔ No DOI found},
	pages = {59--60},
}

@article{__2003-1,
	title = {任意形状带电孤立导体表面电荷分布定理},
	number = {05},
	journal = {山东理工大学学报(自然科学版)},
	author = {{杨波}},
	year = {2003},
	keywords = {⛔ No DOI found},
	pages = {57--60},
}

@article{__2020,
	title = {基于计算机多体模拟的一般导体静电平衡电荷分布求解},
	journal = {2020年春季全校《电磁学》小论文竞赛获奖作品},
	author = {{彭浩然}},
	year = {2020},
	keywords = {⛔ No DOI found},
	pages = {1--21},
}

@article{__2018,
	title = {孤立导体表面电荷与曲率的关系},
	journal = {2018年春季全校《电磁学》小论文竞赛获奖作品},
	author = {{何姗美}},
	year = {2018},
	keywords = {⛔ No DOI found},
	pages = {1--15},
}

@inproceedings{__2022,
	title = {场的最小作用量原理},
	booktitle = {电磁学研讨课},
	author = {{高鹤宇}},
	editor = {{叶邦角}},
	year = {2022},
	keywords = {⛔ No DOI found},
}

@article{__1984,
	title = {孤立导体面电荷分布与高斯曲率的关系},
	number = {3},
	journal = {复旦学报：自然科学版},
	author = {{戴显熹} and {郑永令}},
	year = {1984},
	pages = {12},
}

@article{_matlab_2014,
	title = {{静电平衡导体表面电荷分布的MATLAB模拟}},
	number = {3},
	journal = {物理通报},
	author = {{吴昊} and {吴方平} and {韩仙华}},
	year = {2014},
	pages = {2},
}

@unpublished{_python_2022,
	title = {Python科学计算基础},
	author = {{罗奇鸣}},
	year = {2022},
}

@article{_matlab_2022,
	title = {Matlab在大学物理课程电磁学教学中的应用},
	volume = {13},
	issn = {1674-9499},
	url = {https://kns.cnki.net/kcms2/article/abstract?v=TzO8JwpG6uiDNZQtkxohiMnM9GDtfKAZLpFkWX9Jcl3pARyDqihqOeT6PzMDvrj9uFyxjo0DX_CPOwXzGN7dU1f3Xz-CX-e0Hw5ajCBnclTMEw9CvL5C5AI_wvtPDNFhulNAbvmB6e69PD9vDxdzpA==&uniplatform=NZKPT&language=CHS},
	abstract = {由于电磁场概念和空间分布的抽象性以及数学公式的复杂性，电磁学一直是大学物理课程教学中的难点。为使学生获得直观的理解，需要在相关教学中采用可视化的教学方法，将电、磁场大小与方向的空间分布进行展示。针对这一问题，以“载流螺线管周围的磁场分布”作为教学实例，开展基于Matlab的可视化教学研究。通过采用逐点数值计算的方法，精确和形象地展示磁感应强度大小与方向的空间分布，实现了磁场的可视化演示。在此基础上，通过Matlab GUI构建具有交互界面的教学演示平台。这一方法能够加深学生对于相关概念的理解，提升课堂的教学效果。},
	language = {zh-CN},
	number = {10},
	urldate = {2023-12-05},
	journal = {黑河学院学报},
	author = {张, 建东 and 王, 帅},
	year = {2022},
	keywords = {⛔ No DOI found, 磁感应强度, 电磁学, 可视化演示, Matlab GUI},
	pages = {90--92},
}

@article{_matlab_2022-1,
	title = {{利用MATLAB} {GUI仿真实验辅助中学物理电磁场教学}},
	volume = {40},
	issn = {1003-6148},
	url = {https://kns.cnki.net/kcms2/article/abstract?v=TzO8JwpG6ujVqsD6X3USU49jH5p0gFAlVRiDxLKPgBGUpuRUIVHQmwozT9za4AgMQAlLPbMu9HRMHhoidSU92YfT3ywKGurQ6vs8dz-7Pm9Y7MHi-zqIZsObn6TJzO5q96TjeHqIf5ip4c08gxjvXw==&uniplatform=NZKPT&language=CHS},
	abstract = {高中物理电磁学实验教学面临着部分器材昂贵、操作困难、实验现象不易观测等诸多困难。MATLAB具有不断扩展的源包，可以轻松实现电磁学方程计算和相关模型建构。但是，目前基于MATLAB程序开发的仿真实验在使用过程中通常需要在输入控制平台中进行程序编制，缺少直观的图形用户界面(GUI)，导致仿真实验使用的交互性较差，不利于中学物理仿真实验教学的推广。构建了基于MATLAB GUI的虚拟仿真实验案例，通过设计友好、简洁的图形用户界面，直观呈现带电粒子在电磁场中的运动规律以及电场线和电势线的分布规律,并给出了利用MATLAB GUI仿真实验进行中学物理电磁场教学的方法和技术路线。},
	language = {zh-CN},
	number = {4},
	urldate = {2023-12-05},
	journal = {物理教学探讨},
	author = {谭, 伟 and 杨, 珍珂 and 贾, 伟尧},
	year = {2022},
	keywords = {⛔ No DOI found, 电磁场教学, 图形用户界面, 中学物理, MATLAB},
	pages = {70--72},
}

@article{_matlab_2020,
	title = {{基于MATLAB的可视化处理复杂电磁学问题的应用研究}},
	issn = {0509-4038},
	url = {https://kns.cnki.net/kcms2/article/abstract?v=TzO8JwpG6ujVqsD6X3USU49jH5p0gFAlVRiDxLKPgBGUpuRUIVHQmxD2GacmkwcE9a4mOJNvOmOTcRX78wmsf6cZzjCebzy0SE1mkYu6EBXGW-o2Ln9gSJevy7Mj1AeQEbDoEEFaMyTWKzEGSMxx6A==&uniplatform=NZKPT&language=CHS},
	abstract = {《普通物理》是高等院校物理学各专业必修的专业基础课.在《普通物理》电磁学部分的教学过程中,教师对于较为复杂的电磁学问题进行讲授时,充分利用MATLAB的可视化模拟仿真就可以使学生对复杂电磁学问题的理解变得简单易懂,物理思路也会变得非常清晰.学生在理解较为复杂电磁学问题的过程中就能更好地理解这些问题的物理规律和物理意义.对复杂电磁学问题的可视化模拟结果进行全方位的分析,有助于学生深刻理解这类复杂电磁学问题产生的本质以及它们在实际生活中的具体应用.},
	language = {zh-CN},
	number = {S2},
	urldate = {2023-12-05},
	journal = {物理通报},
	author = {董, 少光 and 谭, 鹏 and 朱, 传云},
	year = {2020},
	keywords = {⛔ No DOI found, 电磁学问题, 模拟仿真, 普通物理, MATLAB可视化},
	pages = {99--104},
}

@article{_matlab_2013,
	title = {{基于MATLAB环境的}《电磁学》教学探索},
	issn = {2095-2457},
	url = {https://kns.cnki.net/kcms2/article/abstract?v=TzO8JwpG6uiecgX8nquqsyShdcUuHUhpBh6sgUr2HnfQvClNHIiltrKnYxrsrDVUPCPd68IVS63zm0p7xdpbfYtzmgLZTivZlHyGrNcwEAFlZxhBs1Lwo_uXDnLKKP6T34HsenKZUqc=&uniplatform=NZKPT&language=CHS},
	doi = {10.19694/j.cnki.issn2095-2457.2013.21.025},
	abstract = {本文利用MATLAB软件对《电磁学》中经典实例模型进行可视化仿真,使得物理求解与物理模型得以清晰直观的呈现,从而提高电磁学教学质量。},
	language = {zh-CN},
	number = {21},
	urldate = {2023-12-05},
	journal = {科技视界},
	author = {王, 晓丽 and 高, 慧昀},
	year = {2013},
	keywords = {电磁学, 可视化教学, MATLAB},
	pages = {43},
}

@article{_matlab_2009,
	title = {{利用MATLAB求解电磁学问题}},
	volume = {24},
	issn = {1003-7020},
	url = {https://kns.cnki.net/kcms2/article/abstract?v=TzO8JwpG6ujzIv5XiZ2ej4VDKttTqL2ak0j1D5s8L4ocYxA5sOeLq_fVjayxaN_dhcGFk97JIRiqahomywKNmJ-r6Q-bM2cDmIgjOVxPWkRMKuLj11uR-Dan48nfveUBoTTsnD5QfpA=&uniplatform=NZKPT&language=CHS},
	abstract = {通过实例论述利用MATLAB求解电磁学问题的方法,这些电磁学问题包括:微积分、微分方程及超越方程、实验数据处理等.实例的求解表明,利用MATLAB求解电磁学问题,程序简短,结果精确,可避免烦琐、复杂的数学运算。},
	language = {zh-CN},
	number = {5},
	urldate = {2023-12-05},
	journal = {柳州师专学报},
	author = {蓝, 海江 and 赖, 家胜 and 曾, 令宏 and 朱, 国勇},
	year = {2009},
	keywords = {⛔ No DOI found, 电磁学, 方程, 实验数据, 微积分, MATLAB},
	pages = {120--122+127},
}

@book{patt_introduction_2020-1,
	address = {New York, NY},
	edition = {Third edition},
	title = {Introduction to computing systems: from bits \& gates to c/c++ \& beyond},
	isbn = {978-1-260-15053-7},
	shorttitle = {Introduction to computing systems},
	language = {en},
	publisher = {McGraw-Hill},
	author = {Patt, Yale N. and Patel, Sanjay J.},
	year = {2020},
	keywords = {C (Computer program language), Computer science},
}

@article{luck_have_nodate-2,
	title = {({HAVE} {A} {GREAT} {SEMESTER} {BREAK})},
	language = {en},
	author = {Luck, Good},
	keywords = {⛔ No DOI found},
}

@article{luck_have_nodate-3,
	title = {({HAVE} {A} {GREAT} {SEMESTER} {BREAK})},
	language = {en},
	author = {Luck, Good},
	keywords = {⛔ No DOI found},
}

@article{__2003-2,
	title = {关于静电平衡导体表面电荷分布规律的研究},
	volume = {21},
	number = {3},
	journal = {北京工商大学学报(自然科学版)},
	author = {{王秀娥}},
	year = {2003},
	keywords = {⛔ No DOI found},
	pages = {59--60},
}

@article{__2003-3,
	title = {任意形状带电孤立导体表面电荷分布定理},
	number = {05},
	journal = {山东理工大学学报(自然科学版)},
	author = {{杨波}},
	year = {2003},
	keywords = {⛔ No DOI found},
	pages = {57--60},
}

@article{__2020-1,
	title = {基于计算机多体模拟的一般导体静电平衡电荷分布求解},
	journal = {2020年春季全校《电磁学》小论文竞赛获奖作品},
	author = {{彭浩然}},
	year = {2020},
	keywords = {⛔ No DOI found},
	pages = {1--21},
}

@article{__2018-1,
	title = {孤立导体表面电荷与曲率的关系},
	journal = {2018年春季全校《电磁学》小论文竞赛获奖作品},
	author = {{何姗美}},
	year = {2018},
	keywords = {⛔ No DOI found},
	pages = {1--15},
}

@inproceedings{__2022-1,
	title = {场的最小作用量原理},
	booktitle = {电磁学研讨课},
	author = {{高鹤宇}},
	editor = {{叶邦角}},
	year = {2022},
	keywords = {⛔ No DOI found},
}

@article{__1984-1,
	title = {孤立导体面电荷分布与高斯曲率的关系},
	number = {3},
	journal = {复旦学报：自然科学版},
	author = {{戴显熹} and {郑永令}},
	year = {1984},
	pages = {12},
}

@article{_matlab_2014-1,
	title = {{静电平衡导体表面电荷分布的MATLAB模拟}},
	number = {3},
	journal = {物理通报},
	author = {{吴昊} and {吴方平} and {韩仙华}},
	year = {2014},
	pages = {2},
}

@unpublished{_python_2022-1,
	title = {Python科学计算基础},
	author = {{罗奇鸣}},
	year = {2022},
}

@article{_matlab_2022-2,
	title = {Matlab在大学物理课程电磁学教学中的应用},
	volume = {13},
	issn = {1674-9499},
	url = {https://kns.cnki.net/kcms2/article/abstract?v=TzO8JwpG6uiDNZQtkxohiMnM9GDtfKAZLpFkWX9Jcl3pARyDqihqOeT6PzMDvrj9uFyxjo0DX_CPOwXzGN7dU1f3Xz-CX-e0Hw5ajCBnclTMEw9CvL5C5AI_wvtPDNFhulNAbvmB6e69PD9vDxdzpA==&uniplatform=NZKPT&language=CHS},
	abstract = {由于电磁场概念和空间分布的抽象性以及数学公式的复杂性，电磁学一直是大学物理课程教学中的难点。为使学生获得直观的理解，需要在相关教学中采用可视化的教学方法，将电、磁场大小与方向的空间分布进行展示。针对这一问题，以“载流螺线管周围的磁场分布”作为教学实例，开展基于Matlab的可视化教学研究。通过采用逐点数值计算的方法，精确和形象地展示磁感应强度大小与方向的空间分布，实现了磁场的可视化演示。在此基础上，通过Matlab GUI构建具有交互界面的教学演示平台。这一方法能够加深学生对于相关概念的理解，提升课堂的教学效果。},
	language = {zh-CN},
	number = {10},
	urldate = {2023-12-05},
	journal = {黑河学院学报},
	author = {张, 建东 and 王, 帅},
	year = {2022},
	keywords = {⛔ No DOI found, 磁感应强度, 电磁学, 可视化演示, Matlab GUI},
	pages = {90--92},
}

@article{_matlab_2022-3,
	title = {{利用MATLAB} {GUI仿真实验辅助中学物理电磁场教学}},
	volume = {40},
	issn = {1003-6148},
	url = {https://kns.cnki.net/kcms2/article/abstract?v=TzO8JwpG6ujVqsD6X3USU49jH5p0gFAlVRiDxLKPgBGUpuRUIVHQmwozT9za4AgMQAlLPbMu9HRMHhoidSU92YfT3ywKGurQ6vs8dz-7Pm9Y7MHi-zqIZsObn6TJzO5q96TjeHqIf5ip4c08gxjvXw==&uniplatform=NZKPT&language=CHS},
	abstract = {高中物理电磁学实验教学面临着部分器材昂贵、操作困难、实验现象不易观测等诸多困难。MATLAB具有不断扩展的源包，可以轻松实现电磁学方程计算和相关模型建构。但是，目前基于MATLAB程序开发的仿真实验在使用过程中通常需要在输入控制平台中进行程序编制，缺少直观的图形用户界面(GUI)，导致仿真实验使用的交互性较差，不利于中学物理仿真实验教学的推广。构建了基于MATLAB GUI的虚拟仿真实验案例，通过设计友好、简洁的图形用户界面，直观呈现带电粒子在电磁场中的运动规律以及电场线和电势线的分布规律,并给出了利用MATLAB GUI仿真实验进行中学物理电磁场教学的方法和技术路线。},
	language = {zh-CN},
	number = {4},
	urldate = {2023-12-05},
	journal = {物理教学探讨},
	author = {谭, 伟 and 杨, 珍珂 and 贾, 伟尧},
	year = {2022},
	keywords = {⛔ No DOI found, 电磁场教学, 图形用户界面, 中学物理, MATLAB},
	pages = {70--72},
}

@article{_matlab_2020-1,
	title = {{基于MATLAB的可视化处理复杂电磁学问题的应用研究}},
	issn = {0509-4038},
	url = {https://kns.cnki.net/kcms2/article/abstract?v=TzO8JwpG6ujVqsD6X3USU49jH5p0gFAlVRiDxLKPgBGUpuRUIVHQmxD2GacmkwcE9a4mOJNvOmOTcRX78wmsf6cZzjCebzy0SE1mkYu6EBXGW-o2Ln9gSJevy7Mj1AeQEbDoEEFaMyTWKzEGSMxx6A==&uniplatform=NZKPT&language=CHS},
	abstract = {《普通物理》是高等院校物理学各专业必修的专业基础课.在《普通物理》电磁学部分的教学过程中,教师对于较为复杂的电磁学问题进行讲授时,充分利用MATLAB的可视化模拟仿真就可以使学生对复杂电磁学问题的理解变得简单易懂,物理思路也会变得非常清晰.学生在理解较为复杂电磁学问题的过程中就能更好地理解这些问题的物理规律和物理意义.对复杂电磁学问题的可视化模拟结果进行全方位的分析,有助于学生深刻理解这类复杂电磁学问题产生的本质以及它们在实际生活中的具体应用.},
	language = {zh-CN},
	number = {S2},
	urldate = {2023-12-05},
	journal = {物理通报},
	author = {董, 少光 and 谭, 鹏 and 朱, 传云},
	year = {2020},
	keywords = {⛔ No DOI found, 电磁学问题, 模拟仿真, 普通物理, MATLAB可视化},
	pages = {99--104},
}

@article{_matlab_2013-1,
	title = {{基于MATLAB环境的}《电磁学》教学探索},
	issn = {2095-2457},
	url = {https://kns.cnki.net/kcms2/article/abstract?v=TzO8JwpG6uiecgX8nquqsyShdcUuHUhpBh6sgUr2HnfQvClNHIiltrKnYxrsrDVUPCPd68IVS63zm0p7xdpbfYtzmgLZTivZlHyGrNcwEAFlZxhBs1Lwo_uXDnLKKP6T34HsenKZUqc=&uniplatform=NZKPT&language=CHS},
	doi = {10.19694/j.cnki.issn2095-2457.2013.21.025},
	abstract = {本文利用MATLAB软件对《电磁学》中经典实例模型进行可视化仿真,使得物理求解与物理模型得以清晰直观的呈现,从而提高电磁学教学质量。},
	language = {zh-CN},
	number = {21},
	urldate = {2023-12-05},
	journal = {科技视界},
	author = {王, 晓丽 and 高, 慧昀},
	year = {2013},
	keywords = {电磁学, 可视化教学, MATLAB},
	pages = {43},
}

@article{_matlab_2009-1,
	title = {{利用MATLAB求解电磁学问题}},
	volume = {24},
	issn = {1003-7020},
	url = {https://kns.cnki.net/kcms2/article/abstract?v=TzO8JwpG6ujzIv5XiZ2ej4VDKttTqL2ak0j1D5s8L4ocYxA5sOeLq_fVjayxaN_dhcGFk97JIRiqahomywKNmJ-r6Q-bM2cDmIgjOVxPWkRMKuLj11uR-Dan48nfveUBoTTsnD5QfpA=&uniplatform=NZKPT&language=CHS},
	abstract = {通过实例论述利用MATLAB求解电磁学问题的方法,这些电磁学问题包括:微积分、微分方程及超越方程、实验数据处理等.实例的求解表明,利用MATLAB求解电磁学问题,程序简短,结果精确,可避免烦琐、复杂的数学运算。},
	language = {zh-CN},
	number = {5},
	urldate = {2023-12-05},
	journal = {柳州师专学报},
	author = {蓝, 海江 and 赖, 家胜 and 曾, 令宏 and 朱, 国勇},
	year = {2009},
	keywords = {⛔ No DOI found, 电磁学, 方程, 实验数据, 微积分, MATLAB},
	pages = {120--122+127},
}
